<?xml version="1.0" encoding="UTF-8"?><collection xmlns="http://www.loc.gov/MARC21/slim"><record><leader>00532nam--2200181-i-4500</leader><controlfield tag="001">000030645</controlfield><controlfield tag="002">20161230</controlfield><controlfield tag="005">20161230201038</controlfield><controlfield tag="008">060222s1000------------r-----000-0-eng-d</controlfield><datafield ind1=" " ind2=" " tag="040"><subfield code="a">IFIN-HH</subfield></datafield><datafield ind1=" " ind2=" " tag="080"><subfield code="a">539.143.43</subfield></datafield><datafield ind1="1" ind2=" " tag="100"><subfield code="a">Slonim, I.Ya</subfield></datafield><datafield ind1="1" ind2="0" tag="245"><subfield code="a">The nmr of polymers</subfield><subfield code="b">Translated from russian by c. nigel turton and tatiana i. turton</subfield><subfield code="c">I.ya. slonim, a.n. lyubimov</subfield></datafield><datafield ind1=" " ind2=" " tag="260"><subfield code="a">New York</subfield><subfield code="b">Plenum Press</subfield><subfield code="c">1970</subfield></datafield><datafield ind1=" " ind2=" " tag="300"><subfield code="a">X + 365P</subfield></datafield><datafield ind1="1" ind2=" " tag="700"><subfield code="a">Lyubimov, A.N</subfield></datafield><datafield ind1=" " ind2=" " tag="852"><subfield code="a">34539</subfield><subfield code="c">539.143.43</subfield></datafield><datafield ind1=" " ind2=" " tag="CAT"><subfield code="a">Sys</subfield><subfield code="c">20120507</subfield><subfield code="h">161140</subfield></datafield></record></collection>